@misc{munk:git,
  author = {Munk, M.},
  title = {caskmodels},
  year = {2016},
  publisher = {GitHub},
  journal = {munkm},
  url = {https://github.com/munkm/caskmodels/tree/master/characterization_tests},
}

%%%%%%%%%%%%%%%%%%%%%%%%%%%%%%%%%%%%%%%%%%%%%%%%%%%%%%%%
%%  PAPERS
%%%%%%%%%%%%%%%%%%%%%%%%%%%%%%%%%%%%%%%%%%%%%%%%%%%%%%%%

% Conference: American Nuclear Society Annual Meeting, At Atlanta, GA,
@inproceedings{slaybaugh:deterministic-parameter-study,
author = {Slaybaugh, R. N. AND Wilson, S. C.},
title = {Deterministic Parameter Study for Fixed-Source Calculations Using FW-CADIS},
booktitle = {Proceedings of the 2013 ANS Annual Meeting},
location = {Atlanta, GA},
year    = {2013},
month   = {6},
volume  = {108},
doi     = {10.13140/2.1.2255.1688},
}

@article{wagner:automated-variance-reduction,
author = {Wagner, J. C. AND Haghighat, A.},
title = {Automated Variance Reduction of Monte Carlo Shielding Calculations Using the Discrete Ordinates Adjoint Function},
journaltitle = {Nucl Sci Eng},
year    = {1998},
month   = {2},
volume  = {128},
number  = {2},
pages   = {186--208},
doi     = {10.13182/NSE98-2},
}

% Van Riper, K.A.; Urbatsch, T.J. & Soran, P.D. AVATAR -- Automatic variance reduction in Monte Carlo calculations. New Mexico. UNT Digital Library. http://digital.library.unt.edu/ark:/67531/metadc691265/. Accessed November 14, 2016.

% FW-CADIS Method for Global and Regional Variance Reduction of Monte Carlo Radiation Transport Calculations
% John C. Wagner · Douglas E. Peplow · Scott W. Mosher
% Full-text available · Article · Jan 2014 · Nuclear science and engineering: the journal of the American Nuclear Society
% NSE12-33_v176_n1_pp37-57
% DOI: 10.13182/NSE12-33

% Conference Paper: Automatic Variance Reduction for Monte Carlo Shielding Calculations with the Discrete Ordinates Adjoint Function
% John C Wagner · A. Haghighat
% Conference Paper · Oct 1997
% Joint Int. Conf. on Mathematical Methods and Supercomputing for Nuclear Applications, At Saratoga Springs, NY
% https://www.researchgate.net/publication/299437239

% Article: Acceleration of Monte Carlo Reactor Cavity Dosimetry Calculations with the Discrete Ordinates Adjoint Function
% John C Wagner · Alireza Haghighat
% Article · Sep 1996
% https://www.researchgate.net/publication/228896298

% Article: Deterministic adjoint functions for biasing Monte Carlo reactor cavity dosimetry calculations
% J. C. Wagner · A. Haghighat
% Article · Dec 1995 · Trans Am Nucl Soc
% https://www.researchgate.net/publication/255254635
% 

%%%%%%%%%%%%%%%%%%%%%%%%%%%%%%%%%%%%%%%%%%%%%%%%%%%%%%%%
%%  COURSE NOTES
%%%%%%%%%%%%%%%%%%%%%%%%%%%%%%%%%%%%%%%%%%%%%%%%%%%%%%%%
@unpublished{slaybaugh:250-notes:10-14,
author = {Slaybaugh, R. N.},
title = {Lecture Notes from NE 250: Nuclear Reactor Theory on Oct 14},
location = {University of California, Berkeley},
year    = {2015},
}

@unpublished{slaybaugh:250-notes:10-19,
author = {Slaybaugh, R. N.},
title = {Lecture Notes from NE 250: Nuclear Reactor Theory on Oct 19},
location = {University of California, Berkeley},
year    = {2015},
}

@unpublished{slaybaugh:250-notes:10-28,
author = {Slaybaugh, R. N.},
title = {Lecture Notes from NE 250: Nuclear Reactor Theory on Oct 28},
location = {University of California, Berkeley},
year    = {2015},
}

%%%%%%%%%%%%%%%%%%%%%%%%%%%%%%%%%%%%%%%%%%%%%%%%%%%%%%%%
%%  BOOKS
%%%%%%%%%%%%%%%%%%%%%%%%%%%%%%%%%%%%%%%%%%%%%%%%%%%%%%%%

@book{boas,
author = {Boas, M. L.},
title = {Mathematical Methods in the Physical Sciences},
year    = {2003},
edition = {3rd},
isbn    = {978-0-471-19826-8},
publisher = {John Wiley \& Sons},
}

@book{hughes,
author = {Hughes, I.~G. AND Hase, T.~P.~A},
title = {Measurements and their Uncertainties},
year    = {2010},
isbn    = {978-0-19-956633-4},
publisher = {Oxford University Press},
}

@book{lewis-and-miller,
author = {Lewis, E. E. AND Miller, W. F.},
title = {Computational Methods of Neutron Transport},
year    = {1984},
isbn    = {0-471-09245-2},
publisher = {John Wiley \& Sons},
}

%%%%%%%%%%%%%%%%%%%%%%%%%%%%%%%%%%%%%%%%%%%%%%%%%%%%%%%%
%%  SOFTWARE
%%%%%%%%%%%%%%%%%%%%%%%%%%%%%%%%%%%%%%%%%%%%%%%%%%%%%%%%
@article{software:mcnp5,
author = {Booth, T.~E. AND Brown, F.~B. AND Bull, J.~S. AND Forster, R.~A. AND Goorley, J.~T. AND Hughes, H.~G. AND Martz, R. AND Prael, R.~E. AND Sood, A. AND Sweezy, J.~E. AND Zukaitis, A., AND Little, R.~C. AND Trellue, H. AND White, M.~C. AND Lee, M.~B. AND Girard, S.~M.},
title = {MCNP — A General Monte Carlo
N-Particle Transport Code, Version 5},
journaltitle = {LA-UR-03-1987},
year = {2008},
}

@article{software:mcnp6,
author = {Goorley, T.},
title = {MCNP6.1.1-Beta Release Notes},
journaltitle = {LA-UR-14-24680},
year = {2014},
}

@article{software:advantg,
author = {Mosher, S. AND etal},
title = {ADVANTG--An Automated Variance Reduction Parameter Generator},
institution = {ORNL},
year = {2013},
}

@InCollection{HPV:VisIt,
author = {Hank Childs and Eric Brugger and Brad Whitlock and Jeremy Meredith and Sean Ahern and David Pugmire and Kathleen Biagas and Mark Miller and Cyrus Harrison and Gunther H. Weber and Hari Krishnan and Thomas Fogal and Allen Sanderson and Christoph Garth and E. Wes Bethel and David Camp and Oliver R\"{u}bel and Marc Durant and Jean M. Favre and Paul Navr\'{a}til},
title = {{VisIt: An End-User Tool For Visualizing and Analyzing Very Large Data}},
year = "2012",
pages = "357-372",
month = "10",
booktitle = {{High Performance Visualization--Enabling Extreme-Scale Scientific Insight}},
}